<?xml version="1.0" encoding="UTF-8"?><collection xmlns="http://www.loc.gov/MARC21/slim"><record><leader>00469nam--2200157-i-4500</leader><controlfield tag="001">000012961</controlfield><controlfield tag="002">20161230</controlfield><controlfield tag="005">20161230201030</controlfield><controlfield tag="008">060222s1000------------r-----000-0-eng-d</controlfield><datafield ind1=" " ind2=" " tag="080"><subfield code="a">517.956.224</subfield></datafield><datafield ind1=" " ind2=" " tag="100"><subfield code="a">Brelot, M S.A</subfield></datafield><datafield ind1="1" ind2="0" tag="245"><subfield code="a">SEMINAIRE DE THEORIE DU POTENTIEL Paris no. 3</subfield><subfield code="c">Choquet, G Deny, J</subfield></datafield><datafield ind1=" " ind2=" " tag="260"><subfield code="a">Berlin, Springer-verlag, 1978 Vi + 294 P</subfield></datafield><datafield ind1=" " ind2=" " tag="490"><subfield code="a">Lecture Notes In Mathematics</subfield><subfield code="v">vol. 681</subfield></datafield><datafield ind1=" " ind2=" " tag="852"><subfield code="a">15691</subfield><subfield code="c">517.53</subfield></datafield><datafield ind1=" " ind2=" " tag="CAT"><subfield code="a">Sys</subfield><subfield code="c">20080818</subfield><subfield code="h">120700</subfield></datafield></record></collection>